@article{berticsflow,
  title={Flow Tree: A dynamic model for navigation paths and strategies},
  author={Bertics and Chrastil and Carlson and Miolane},
  journal={Conference on Computational and Systems Neuroscience (COSYNE)},
  year={2025}
}

@article{pereira2025learning,
  title={Learning from landmarks, curves, surfaces, and shapes in Geomstats},
  author={Pereira and Le Brigant and Myers and Hartman and Khan and Tuerkoen and Dold and Gu and Su{\'a}rez-Serrato and Miolane},
  journal={Journal Transactions of Mathematical Software (TOMS)},
  year={2024}
}


@article{telyatnikov2025topobench,
  title={TopoBench: A framework for benchmarking topological deep learning},
  author={Telyatnikov and Bernardez and Montagna and Vasylenko and Zamzmi and Hajij and Schaub and Miolane and Scardapane and Papamarkou},
  journal={Journal of Data-centric Machine Learning Research (DMLR)},
  year={2025}
}

@article{sanborn2025beyond,
  title={Beyond euclid: An illustrated guide to modern machine learning with geometric, topological, and algebraic structures},
  author={Sanborn and Mathe and Papillon and Buracas and Lillemark and Shewmake and Bertics and Pennec and Miolane},
  journal={Journal Machine Learning for Science and Technology (MLST)},
  year={2025}
}

@article{papillon2025topotune,
  title={TopoTune: A Framework for Generalized Combinatorial Complex Neural Networks},
  author={Papillon and Bern{\'a}rdez and Battiloro and Miolane},
  journal={International Conference of Machine Learning (ICML)},
  year={2025}
}


@article{kurtkaya2025dynamical,
  title={Dynamical phases of short-term memory mechanisms in RNNs},
  author={Kurtkaya and Dinc and Yuksekgonul and Blanco-Pozo and Cirakman and Schnitzer and Yemez and Tanaka and Yuan and Miolane},
  journal={International Conference of Machine Learning (ICML)},
  year={2025}
}

@article{mataigne2025approximation,
  title={On the approximation of the Riemannian barycenter},
  author={Mataigne and Absil and Miolane},
  journal={International Conference of Geometric Science of Information (GSI) -- \textbf{oral}},
  year={2025}
}

@article{kushner2025learning,
  title={Learning Riemannian Metrics for Interpolating Animations},
  author={Kushner and Modi and Miolane},
  journal={International Conference of Geometric Science of Information (GSI) --  \textbf{oral}},
  year={2025}
}

