% 2024

@article{mataigne2024selective,
  title={The Selective G-Bispectrum and its Inversion: Applications to G-Invariant Networks},
  author={Mataigne and Mathe and Sanborn and Hillar and Miolane},
  journal={Advances in Neural Information Processing Systems (NeurIPS)},
  volume={37},
  year={2024},
}

@article{acosta2024global,
  title={Global Distortions from Local Rewards: Neural Coding Strategies in Path-Integrating Neural Systems},
  author={Acosta and Dinc and Redman and Madhav and Klindt and Miolane},
  journal={Advances in Neural Information Processing Systems (NeurIPS)},
  volume={37},
  pages={100241--100269},
  year={2024}
}

@article{redman2024not,
  title={Not so griddy: Internal representations of RNNs path integrating more than one agent},
  author={Redman and Acosta and Acosta--Mendoza and Miolane},
  journal={Advances in Neural Information Processing Systems (NeurIPS)},
  volume={37},
  year={2024},
}

@article{hajij2024topox,
  title={TopoX: a suite of Python packages for machine learning on topological domains},
  author={Hajij and others (including Miolane as last author)},
  journal={Journal of Machine Learning Research (JMLR)},
  volume={25},
  number={374},
  pages={1--8},
  year={2024}
}

@article{mataigne2024efficient,
  title={An efficient algorithm for the Riemannian logarithm on the Stiefel manifold for a family of Riemannian metrics},
  author={Mataigne and Zimmermann and Miolane},
  journal={SIAM Journal on Matrix Analysis and Applications},
  year={2024}
}

@article{bernardez2024icml,
  title={ICML Topological Deep Learning Challenge 2024: Beyond the Graph Domain},
  author={Bern{\'a}rdez and Telyatnikov and Montagna and Baccini and Papillon and Ferriol-Galm{\'e}s and Hajij and Papamarkou and Bucarelli and Zaghen and others},
  journal={Proceedings of Machine Learning Research (PMLR).},
  year={2024}
}

@InProceedings{papamarkou2024position,
  title = 	 {Position: Topological Deep Learning is the New Frontier for Relational Learning},
  author =       {Papamarkou and others (including Miolane)},
  booktitle = 	 {Proceedings of the 41st International Conference on Machine Learning (ICML)},
  pages = 	 {39529--39555},
  year = 	 {2024},
  volume = 	 {235},
  series = 	 {Proceedings of Machine Learning Research},
  month = 	 {7},
  publisher =    {PMLR},}

@article{li2024unveiling,
  title={Unveiling cellular morphology: statistical analysis using a Riemannian elastic metric in cancer cell image datasets},
  author={Li and Prasad and Miolane and Dao Duc},
  journal={Information Geometry},
  volume={7},
  number={Suppl 2},
  pages={845--859},
  year={2024},
  publisher={Springer}
}

@article{klindt2024towards,
  title={Towards interpretable Cryo-EM: disentangling latent spaces of molecular conformations},
  author={Klindt and Hyvaerinen and Levy and Miolane and Poitevin},
  journal={Frontiers in Molecular Biosciences},
  volume={11},
  pages={1393564},
  year={2024},
  publisher={Frontiers Media SA}
}

@inproceedings{myers2024accuracy,
  title={On Accuracy and Speed of Geodesic Regression: Do Geometric Priors Improve Learning on Small Datasets?},
  author={Myers and Miolane},
  booktitle={Proceedings of the IEEE/CVF Conference on Computer Vision and Pattern Recognition, Workshops (CVPRW)},
  pages={2714--2722},
  year={2024}
}