
@article{bernardez2025ordered,
  title={Ordered topological deep learning: a network modeling case study},
  author={Bern{\'a}rdez, Guillermo and Ferriol-Galm{\'e}s, Miquel and G{\"u}emes-Palau, Carlos and Papillon, Mathilde and Barlet-Ros, Pere and Cabellos-Aparicio, Albert and Miolane, Nina},
  journal={Submitted to AAAI Conference on Artificial Intelligence (AAAI)},
  year={2025}
}

@article{myers2025disk,
  title={The Selective Disk Bispectrum and Its Inversion: Application to Rotation-Invariant Regressions},
  author={Myers and Miolane},
  journal={Submitted to Advances in Neural Information Processing System (NeurIPS)},
  year={2025}
}

@article{cornelis2025when,
  title={When Machine Learning Gets Personal: Evaluation Prediction and Explanation},
  author={Myers and Miolane},
  journal={Submitted to Advances in Neural Information Processing System (NeurIPS)},
  year={2025}
}

@article{kunin2025alternating,
  title={Alternating Gradient Flows: A Theory of Feature Learning in Two-layer Neural Networks},
  author={Kunin and Marchetti and Chen and Karkada and Simon and DeWeese and Ganguli and Miolane},
  journal={Submitted to Advances in Neural Information Processing System (NeurIPS)},
  year={2025}
}

@article{carrasco2025hopse,
  title={HOPSE: Scalable Higher-Order Positional and Structural Encoder for Combinatorial Representations},
  author={Carrasco, Martin and Bernardez, Guillermo and Montagna, Marco and Miolane, Nina and Telyatnikov, Lev},
  journal={Submitted to Advances in Neural Information Processing System (NeurIPS)},
  year={2025}
}

@article{papillon2023architectures,
  title={Architectures of {T}opological {D}eep {L}earning: {A} {S}urvey on {T}opological {N}eural {N}etworks (\textbf\textit{{most viewed arXiv link the day of its publication)}}},
  author={Papillon and Sanborn and Hajij and Miolane},
  journal={Submitted to Transactions in Pattern Analysis and Machine Intelligence (tPAMI)},
  year={2025}
}