% Preprint: GI has 3

@article{calissano2025,
  title={Beyond Manifolds: Learning on Graphs and Trees with Geodesic Metric Spaces},
  author={Calissano, Anna and Nye, Tom and Pereira, Luis and Miolane, Nina},
  journal={Preprint},
  year={2025}
}

@article{storanemergent,
  title={Emergent Geometry in Neural Representations of the Visual World},
  author={Storan and Karantzas and Klindt and Willeke and Deng and Gerasimiuk and Pitkow and Franke and Miolane and Sanborn and others},
year={2025}
}

@article{dinc2025latent,
  title={Latent computing by biological neural networks: A dynamical systems framework},
  author={Dinc and Blanco-Pozo and Klindt and Acosta and Jiang and Ebrahimi and Shai and Tanaka and Yuan and Schnitzer and others},
  journal={arXiv preprint arXiv:2502.14337},
  year={2025}
}

@article{haputhanthri2025understanding,
  title={Understanding and controlling the geometry of memory organization in RNNs},
  author={Haputhanthri and Storan and Jiang and Raheja and Shai and Akengin and Miolane and Schnitzer and Dinc and Tanaka},
  journal={arXiv preprint arXiv:2502.07256},
  year={2025}
}
