
@article{niederhauser2022testing,
  title={Testing geometric representation hypotheses from simulated place cell recordings},
  author={Niederhauser and Lester and Miolane and Dao Duc and Madhav},
  journal={NeurIPS Workshop: Geometry and Symmetry in Neural Representations.},
  year={2022}
}

@article{brigant2022parametric,
  title={Parametric information geometry with {G}eomstats},
  author={Brigant and Deschamps and Collas and Miolane},
  journal={Transactions of Mathematical Software},
  year={2022}
}


@inproceedings{nashed2022heterogeneous,
      title={Heterogeneous reconstruction of deformable atomic models in Cryo-{EM}}, 
      author={Nashed and Peck and Martel and Levy and Koo and Wetzstein and Miolane and Ratner and Poitevin},
      year={2022},
      booktitle={Neur{IPS} Workshop: Machine Learning for Structural Biology},
}


@article{utpala2022differentially,
  title={Differentially Private {F}r{\'e}chet Mean on the Manifold of Symmetric Positive Definite ({SPD}) Matrices with log-{E}uclidean Metric},
  author={Utpala and Vepakomma and Miolane},
  journal={Transactions on Machine Learning Research},
  year={2022}
}

@article{GeomstatsICLR2022,
  author = {Myers and Miolane and others},
  keywords = {Computational Geometry (cs.CG), FOS: Computer and information sciences, FOS: Computer and information sciences},
  title = {{ICLR} 2022 Challenge for Computational Geometry and Topology: Design and Results},
  publisher = {Proceedings of Machine Learning Research ({PMLR})},
  year = {2022},
  copyright = {Creative Commons Attribution 4.0 International}
}


@misc{zenodoiCLR2022,
  doi = {10.5281/ZENODO.6554616},
  url = {https://zenodo.org/record/6554616},
  author = {Sonthalia and Utpala and Miolane and {Xiongjeffrey} and Bergsson and Talbar and Cui and {DmitriyNielsen} and Von Tycowicz and Rafsanjani and Szwagier},
  title = {geomstats/challenge-iclr-2022: Published algorithms (final version)},
  publisher = {Zenodo},
  year = {2022},
  copyright = {Open Access}
}

@article{Donnat2022-rh,
  title     = "Deep generative modeling for volume reconstruction in
               cryo-electron microscopy",
  author    = "Donnat and Levy and Poitevin and Zhong and Miolane",
  journal = "Journal of Structural Biology",
  pages={107920},
  year      =  2022,
  publisher={Elsevier}

}


@inproceedings{Levy2022-nj,
  title     = "{CryoAI}: Amortized inference of poses for ab initio
               reconstruction of {3D} molecular volumes from real {cryo-{EM}}
               images",
  author    = "Levy and Poitevin and Martel and
               Nashed and Peck and Miolane and Ratner and Dunne and Wetzstein",
  booktitle = "Proceedings of the European Conference on Computer Vision (ECCV)",
  year      =  2022
}


% 2021 and earlier

@unknown{GeomstatsICLR2021,
author = {Miolane and others},
year = {2021},
month = {08},
pages = {},
title = {{ICLR} 2021 Challenge for Computational Geometry and Topology: Design and Results}
}



@misc{zenodoiCLR2021,
  doi = {10.5281/ZENODO.6554587},
  url = {https://zenodo.org/record/6554587},
  author = {Miolane and others},
  title = {geomstats/challenge-iclr-2021: Published algorithms (final version)},
  publisher = {Zenodo},
  year = {2022},
  copyright = {Open Access}
}



@article{Miolane2020geomstats,
author = {Miolane and others},
issn = {15337928},
journal = {Journal of Machine Learning Research},
keywords = {Differential geometry,Machine learning,Manifold,Riemannian geometry,Statistics},
mendeley-groups = {Software},
pages = {1--9},
title = {{Geomstats: A {P}ackage for {R}iemannian {G}eometry in {M}achine {L}earning}},
volume = {21},
year = {2020}
}

@software{geomstats_zenodo,
  author       = {Miolane and others},
  title        = {geomstats/geomstats: Geomstats v2.3.1},
  month        = oct,
  year         = 2021,
  publisher    = {Zenodo},
  version      = {2.3.1},
  doi          = {10.5281/zenodo.5558028},
  url          = {https://doi.org/10.5281/zenodo.5558028}
}

@inproceedings{MiolaneScipy2020,
  title={Introduction to {G}eometric {L}earning with {G}eomstats},
  author={Miolane and others},
  booktitle={SciPy 2020-19th Python in Science Conference},
  pages={48--57},
  year={2020}
}



@book{RiemannianBook2019,
author = {Pennec and Sommer and Fletcher},
year = {2019},
month = {09},
pages = {},
title = {Riemannian Geometric Statistics in Medical Image Analysis}
}


@inproceedings{miolane2020rvae,
  author    = {Miolane and
               Holmes},
  title     = {Learning {W}eighted {S}ubmanifolds with {V}ariational {A}utoencoders and {R}iemannian
               {V}ariational {A}utoencoders},
  booktitle = {2020 {IEEE/CVF} Conference on Computer Vision and Pattern Recognition,
               {CVPR} 2020, Seattle, WA, USA, June 13-19, 2020},
  pages     = {14491--14499},
  publisher = {{IEEE}},
  year      = {2020},
  timestamp = {Tue, 11 Aug 2020 16:59:49 +0200},
  biburl    = {https://dblp.org/rec/conf/cvpr/MiolaneH20.bib},
  bibsource = {dblp computer science bibliography, https://dblp.org}
}

@article{MiolanePoitevin2020CVPR,
    title={Estimation of Orientation and Camera Parameters from Cryo-Electron Microscopy Images with Variational Autoencoders and Generative Adversarial Networks},
    author={Miolane and Poitevin and Li and Holmes},
    year={2019},
    journal={CVPR conference, Workshop on Computer Vision for Microscopy Image Analysis}
}


@article{Miolane2018,
  title={Topologically {C}onstrained {T}emplate {E}stimation via {M}orse--{S}male {C}omplexes {C}ontrols Its {S}tatistical {C}onsistency},
  author={Miolane and Holmes and Pennec},
  journal={SIAM Journal on Applied Algebra and Geometry},
  volume={2},
  number={2},
  pages={348--375},
  year={2018},
  publisher={SIAM}
}

@article{Miolane2017TemplateBias,
  title={Template shape estimation: correcting an asymptotic bias},
  author={Miolane and Holmes and Pennec},
  journal={SIAM Journal on Imaging Sciences},
  volume={10},
  number={2},
  pages={808--844},
  year={2017},
  publisher={SIAM}
}


@inproceedings{Miolane2015BiasedEO,
  title={Biased estimators on quotient spaces},
  author={Miolane and Pennec},
  booktitle={Proceedings of the International Conference on Geometric Science of Information},
  pages={130--139},
  year={2015},
  organization={Springer}
}

@article{Darmant2014,
	doi = {10.1016/j.rcot.2014.09.076},
	url = {https://doi.org/10.1016%2Fj.rcot.2014.09.076},
	year = 2014,
	month = {nov},
	publisher = {Elsevier {BV}},
	volume = {100},
	number = {7},
	pages = {S241},
	author = {Darmant{\'{e}} and Benoit Bugnas and Regis Bernard De Dompsure and Laurent Barresi and Nina Miolane and Xavier Pennec and Fernand de Peretti and Nicolas Bronsard},
	title = {Analyse biom{\'{e}}trique de l'anneau pelvien en 3 dimensions~{\textendash}~{\`{a}} propos de 100 scanners},
	journal = {Revue de Chirurgie Orthop{\'{e}}dique et Traumatologique}
}