

% 2025
@article{bernardez2025ordered,
  title={Ordered topological deep learning: a network modeling case study},
  author={Bern{\'a}rdez, Guillermo and Ferriol-Galm{\'e}s, Miquel and G{\"u}emes-Palau, Carlos and Papillon, Mathilde and Barlet-Ros, Pere and Cabellos-Aparicio, Albert and Miolane, Nina},
  journal={arXiv preprint arXiv:2503.16746},
  year={2025}
}

@article{calissano2025,
  title={Beyond Manifolds: Learning on Graphs and Trees with Geodesic Metric Spaces},
  author={Calissano, Anna and Nye, Tom and Pereira, Luis and Miolane, Nina},
  journal={Preprint},
  year={2025}
}

Calissano, A., Pereira, L. F., Lueg, J., & Miolane, N. (2024). On the Implementation of Geodesic Metric Spaces. Hal Archives

@article{carrasco2025hopse,
  title={HOPSE: Scalable Higher-Order Positional and Structural Encoder for Combinatorial Representations},
  author={Carrasco, Martin and Bernardez, Guillermo and Montagna, Marco and Miolane, Nina and Telyatnikov, Lev},
  journal={Submitted to Advances in Neural Information Processing Systems (NeurIPS)},
  year={2025}
}

@article{pereira2025learning,
  title={Learning from landmarks, curves, surfaces, and shapes in Geomstats},
  author={Pereira and Le Brigant and Myers and Hartman and Khan and Tuerkoen and Dold and Gu and Su{\'a}rez-Serrato and Miolane},
  journal={Transactions of Mathematical Software (TOMS)},
  year={2024}
}


@article{telyatnikov2025topobench,
  title={TopoBench: A framework for benchmarking topological deep learning},
  author={Telyatnikov and Bernardez and Montagna and Vasylenko and Zamzmi and Hajij and Schaub and Miolane and Scardapane and Papamarkou},
  journal={Journal of Data-centric Machine Learning Research (DMLR)},
  year={2025}
}

@article{cornelis2025machine,
  title={When Machine Learning Gets Personal: Understanding Fairness of Personalized Models},
  author={Cornelis and Bern{\'a}rdez and Jeong and Miolane},
  journal={arXiv preprint arXiv:2502.02786},
  year={2025}
}

@article{sanborn2025beyond,
  title={Beyond euclid: An illustrated guide to modern machine learning with geometric, topological, and algebraic structures},
  author={Sanborn and Mathe and Papillon and Buracas and Lillemark and Shewmake and Bertics and Pennec and Miolane},
  journal={Journal Machine Learning for Science and Technology (MLST)},
  year={2025}
}

@article{papillon2025topotune,
  title={TopoTune: A Framework for Generalized Combinatorial Complex Neural Networks},
  author={Papillon and Bern{\'a}rdez and Battiloro and Miolane},
  journal={International Conference of Machine Learning (ICML)},
  year={2025}
}

@article{storanemergent,
  title={Emergent Geometry in Neural Representations of the Visual World},
  author={Storan and Karantzas and Klindt and Willeke and Deng and Gerasimiuk and Pitkow and Franke and Miolane and Sanborn and others},
year={2025}
}

@article{dinc2025latent,
  title={Latent computing by biological neural networks: A dynamical systems framework},
  author={Dinc and Blanco-Pozo and Klindt and Acosta and Jiang and Ebrahimi and Shai and Tanaka and Yuan and Schnitzer and others},
  journal={arXiv preprint arXiv:2502.14337},
  year={2025}
}

@article{haputhanthri2025understanding,
  title={Understanding and controlling the geometry of memory organization in RNNs},
  author={Haputhanthri and Storan and Jiang and Raheja and Shai and Akengin and Miolane and Schnitzer and Dinc and Tanaka},
  journal={arXiv preprint arXiv:2502.07256},
  year={2025}
}

@article{kurtkaya2025dynamical,
  title={Dynamical phases of short-term memory mechanisms in RNNs},
  author={Kurtkaya and Dinc and Yuksekgonul and Blanco-Pozo and Cirakman and Schnitzer and Yemez and Tanaka and Yuan and Miolane},
  journal={International Conference of Machine Learning (ICML)},
  year={2025}
}

% 2024

@article{mataigne2024selective,
  title={The Selective G-Bispectrum and its Inversion: Applications to G-Invariant Networks},
  author={Mataigne and Mathe and Sanborn and Hillar and Miolane},
  journal={Advances in Neural Information Processing Systems (NeurIPS)},
  volume={37},
  year={2024},
}

@article{acosta2024global,
  title={Global Distortions from Local Rewards: Neural Coding Strategies in Path-Integrating Neural Systems},
  author={Acosta and Dinc and Redman and Madhav and Klindt and Miolane},
  journal={Advances in Neural Information Processing Systems (NeurIPS)},
  volume={37},
  pages={100241--100269},
  year={2024}
}

@article{redman2024not,
  title={Not so griddy: Internal representations of RNNs path integrating more than one agent},
  author={Redman and Acosta and Acosta--Mendoza and Miolane},
  journal={Advances in Neural Information Processing Systems (NeurIPS)},
  volume={37},
  year={2024},
}

@article{hajij2024topox,
  title={TopoX: a suite of Python packages for machine learning on topological domains},
  author={Hajij and Papillon and Frantzen and Agerberg and AlJabea and Ballester and Battiloro and Bern{\'a}rdez and Birdal and Brent and others (including Miolane)},
  journal={Journal of Machine Learning Research (JMLR)},
  volume={25},
  number={374},
  pages={1--8},
  year={2024}
}



@article{mataigne2024efficient,
  title={An efficient algorithm for the Riemannian logarithm on the Stiefel manifold for a family of Riemannian metrics},
  author={Mataigne and Zimmermann and Miolane},
  journal={SIAM Journal on Matrix Analysis and Applications},
  year={2024}
}

@article{bernardez2024icml,
  title={ICML Topological Deep Learning Challenge 2024: Beyond the Graph Domain},
  author={Bern{\'a}rdez and Telyatnikov and Montagna and Baccini and Papillon and Ferriol-Galm{\'e}s and Hajij and Papamarkou and Bucarelli and Zaghen and others},
  journal={Proceedings of Machine Learning Research (PMLR).},
  year={2024}
}


@InProceedings{papamarkou2024position,
  title = 	 {Position: Topological Deep Learning is the New Frontier for Relational Learning},
  author =       {Papamarkou and Birdal and Bronstein and Carlsson and Curry and Gao and Hajij and Kwitt and Lio and Di Lorenzo and Maroulas and Miolane and Nasrina and Natesan Ramamurthy and Rieck and Scardapane and Schaub and Veli\v{c}kovi\'{c} and Wang and Wang and Wei and Zamzmi},
  booktitle = 	 {Proceedings of the 41st International Conference on Machine Learning (ICML)},
  pages = 	 {39529--39555},
  year = 	 {2024},
  editor = 	 {Salakhutdinov, Ruslan and Kolter, Zico and Heller, Katherine and Weller, Adrian and Oliver, Nuria and Scarlett, Jonathan and Berkenkamp, Felix},
  volume = 	 {235},
  series = 	 {Proceedings of Machine Learning Research},
  month = 	 {21--27 Jul},
  publisher =    {PMLR},}


% 2023

@article{sanborn2023general,
  title={A general framework for robust g-invariance in g-equivariant networks},
  author={Sanborn and Miolane},
  journal={Advances in Neural Information Processing Systems (NeurIPS)},
  volume={36},
  pages={67103--67124},
  year={2023}
}


@inproceedings{acosta2023quantifying,
  title={Quantifying Extrinsic Curvature in Neural Manifolds},
  author={Acosta and Sanborn and Dao Duc and Madhav and Miolane},
  booktitle={Proceedings of the {IEEE/CVF} Conference on Computer Vision and Pattern Recognition Workshop: Topology, Algebra and Geometry. (CVPRW)},
  pages={610--619},
  year={2023}
}


@inproceedings{koo2023cryochains,
      title={CryoChains: Heterogeneous Reconstruction of Molecular Assembly of Semi-flexible Chains from Cryo-{EM} Images}, 
      author={Koo and Martel and Peck and Levy and Poitevin and Miolane},
      year={2023},
      booktitle={{ICML} Workshop of Structural Biology},
}

@inproceedings{li2023using,
  title={Using a {R}iemannian elastic metric for statistical analysis of tumor cell shape heterogeneity},
  author={Li and Prasad and Miolane and Dao Duc},
  booktitle={Proceedings of the International Conference on Geometric Science of Information},
  year={2023},
}

@inproceedings{shewmake2023visual,
  title={Visual Scene Representation with Hierarchical Equivariant Sparse Coding},
  author={Shewmake and Buracas and Lillemarkn and Shin and Bekkers and Miolane and Olshausen},
  year={2023},
  organization={Proceedings of Machine Learning Research-NeurIPS workshop}
}

@article{li2023orthogonal,
  title={Orthogonal outlier detection and dimension estimation for improved MDS embedding of biological datasets},
  author={Li and Mirone and Prasad and Miolane and Legrand and Dao Duc},
  journal={Frontiers in Bioinformatics},
  pages={2023--02},
  year={2023},
}

@article{gabbert2023septins,
  title={Septins regulate border cell surface geometry, shape, and motility downstream of Rho in Drosophila},
  author={Gabbert and Campanale and Mondo and Mitchell and Myers and Streichan and Miolane and Montell},
  journal={Developmental Cell},
  year={2023},
  publisher={Elsevier}
}

@article{hajij2023topological,
      title={Topological {D}eep {L}earning: {G}oing {B}eyond {G}raph {D}ata}, 
      author={Hajij and Zamzmi and Papamarkou and Miolane and Guzmán-Sáenz and Ramamurthy and Birdal and Dey and Mukherjee and Samaga and Livesay and Walters and Rosen and Schaub},
        journal={arXiv preprint arXiv:2206.00606},
      year={2023},
}

@article{papillon2023architectures,
  title={Architectures of {T}opological {D}eep {L}earning: {A} {S}urvey on {T}opological {N}eural {N}etworks},
  author={Papillon and Sanborn and Hajij and Miolane},
  journal={arXiv preprint arXiv:2304.10031},
  year={2023}
}


@inproceedings{mataigne2023lipschitz,
    author = {Mataigne and Absil and Miolane},
    title = {{L}ipschitz {C}onstants {B}etween {R}iemannian {M}etrics on the {S}tiefel {M}anifold},
    booktitle = {Proceedings of the International Conference on Geometric Science of Information},
    year = {2023}
}

@inproceedings{shewmake2023equivariant,
    author = {Shewmake and Miolane and Olshausen},
    title = {Equivariant {S}parse {C}oding},
    booktitle = {Proceedings of the International Conference on Geometric Science of Information ({GSI})},
    year = {2023}
}


@software{miolane2023topox,
  author       = {Miolane and others},
  title        = {Software Suite: pyt-team/TopoNetX: TopoNetX 0.0.2 (10.5281/zenodo.7958504). pyt-team/TopoModelX: TopoModelX 0.0.1 (10.5281/zenodo.7958513). pyt-team/TopoEmbedX: TopoEmbedX 0.0.1 (10.5281/zenodo.8007578)},
  month        = may,
  year         = 2023,
  publisher    = {Zenodo},
  version      = {0.0.2},
  doi          = {10.5281/zenodo.7958504},
  url          = {https://doi.org/10.5281/zenodo.7958504}
}

@article{myers2022regression,
  title={Regression-Based Elastic Metric Learning on Shape Spaces of Elastic Curves},
  author={Myers and Miolane},
  journal={NeurIPS Workshop: Learning Meaningful Representations of Life},
  year={2022}
}

@inproceedings{legendre2022defining,
      title={Defining an action of SO(d)-rotations on images generated by projections of d-dimensional objects: Applications to pose inference}, 
      author={Legendre and Dao Duc and Miolane},
      year={2022},
      eprint={2207.11582},
      archivePrefix={arXiv},
      primaryClass={cs.CV},
        booktitle={Colloq. Traitement Signal Image},
}

@misc{papillon2023icml,
  author       = {Papillon and Miolane and
                  Hajij and others},
  title        = {{ICML} {TAG} {T}opological {D}eep {L}earning {C}hallenge: Design and Results.},
  year = {2023}
}


@article{guigui2023introduction,
  title={Introduction to {R}iemannian Geometry and Geometric Statistics: from basic theory to implementation with {G}eomstats},
  author={Guigui and Miolane and Pennec},
  journal={Foundations and Trends in Machine Learning},
  volume={16},
  number={3},
  pages={329--493},
  year={2023},
  publisher={Now Publishers, Inc.}
}


% 2022

@article{niederhauser2022testing,
  title={Testing geometric representation hypotheses from simulated place cell recordings},
  author={Niederhauser and Lester and Miolane and Dao Duc and Madhav},
  journal={NeurIPS Workshop: Geometry and Symmetry in Neural Representations.},
  year={2022}
}

@article{brigant2022parametric,
  title={Parametric information geometry with {G}eomstats},
  author={Brigant and Deschamps and Collas and Miolane},
  journal={Transactions of Mathematical Software},
  year={2022}
}


@inproceedings{nashed2022heterogeneous,
      title={Heterogeneous reconstruction of deformable atomic models in Cryo-{EM}}, 
      author={Nashed and Peck and Martel and Levy and Koo and Wetzstein and Miolane and Ratner and Poitevin},
      year={2022},
      booktitle={Neur{IPS} Workshop: Machine Learning for Structural Biology},
}


@article{utpala2022differentially,
  title={Differentially Private {F}r{\'e}chet Mean on the Manifold of Symmetric Positive Definite ({SPD}) Matrices with log-{E}uclidean Metric},
  author={Utpala and Vepakomma and Miolane},
  journal={Transactions on Machine Learning Research},
  year={2022}
}

@article{GeomstatsICLR2022,
  doi = {10.48550/ARXIV.2206.09048},
  url = {https://arxiv.org/abs/2206.09048},
  author = {Myers and Miolane and others},
  keywords = {Computational Geometry (cs.CG), FOS: Computer and information sciences, FOS: Computer and information sciences},
  title = {{ICLR} 2022 Challenge for Computational Geometry and Topology: Design and Results},
  publisher = {Proceedings of Machine Learning Research ({PMLR})},
  year = {2022},
  copyright = {Creative Commons Attribution 4.0 International}
}


@misc{zenodoiCLR2022,
  doi = {10.5281/ZENODO.6554616},
  url = {https://zenodo.org/record/6554616},
  author = {Sonthalia and Utpala and Miolane and {Xiongjeffrey} and Bergsson and Talbar and Cui and {DmitriyNielsen} and Von Tycowicz and Rafsanjani and Szwagier},
  title = {geomstats/challenge-iclr-2022: Published algorithms (final version)},
  publisher = {Zenodo},
  year = {2022},
  copyright = {Open Access}
}

@article{Donnat2022-rh,
  title     = "Deep generative modeling for volume reconstruction in
               cryo-electron microscopy",
  author    = "Donnat and Levy and Poitevin and Zhong and Miolane",
  journal = "Journal of Structural Biology",
  pages={107920},
  year      =  2022,
  publisher={Elsevier}

}


@inproceedings{Levy2022-nj,
  title     = "{CryoAI}: Amortized inference of poses for ab initio
               reconstruction of {3D} molecular volumes from real {cryo-{EM}}
               images",
  author    = "Levy and Poitevin and Martel and
               Nashed and Peck and Miolane and Ratner and Dunne and Wetzstein",
  booktitle = "Proceedings of the European Conference on Computer Vision (ECCV)",
  year      =  2022
}


% 2021 and earlier

@unknown{GeomstatsICLR2021,
author = {Miolane and others},
year = {2021},
month = {08},
pages = {},
title = {{ICLR} 2021 Challenge for Computational Geometry and Topology: Design and Results}
}



@misc{zenodoiCLR2021,
  doi = {10.5281/ZENODO.6554587},
  url = {https://zenodo.org/record/6554587},
  author = {Miolane and others},
  title = {geomstats/challenge-iclr-2021: Published algorithms (final version)},
  publisher = {Zenodo},
  year = {2022},
  copyright = {Open Access}
}



@article{Miolane2020geomstats,
author = {Miolane and others},
issn = {15337928},
journal = {Journal of Machine Learning Research},
keywords = {Differential geometry,Machine learning,Manifold,Riemannian geometry,Statistics},
mendeley-groups = {Software},
pages = {1--9},
title = {{Geomstats: A {P}ackage for {R}iemannian {G}eometry in {M}achine {L}earning}},
volume = {21},
year = {2020}
}

@software{geomstats_zenodo,
  author       = {Miolane and others},
  title        = {geomstats/geomstats: Geomstats v2.3.1},
  month        = oct,
  year         = 2021,
  publisher    = {Zenodo},
  version      = {2.3.1},
  doi          = {10.5281/zenodo.5558028},
  url          = {https://doi.org/10.5281/zenodo.5558028}
}

@inproceedings{MiolaneScipy2020,
  title={Introduction to {G}eometric {L}earning with {G}eomstats},
  author={Miolane and others},
  booktitle={SciPy 2020-19th Python in Science Conference},
  pages={48--57},
  year={2020}
}



@book{RiemannianBook2019,
author = {Pennec and Sommer and Fletcher},
year = {2019},
month = {09},
pages = {},
title = {Riemannian Geometric Statistics in Medical Image Analysis}
}


@inproceedings{miolane2020rvae,
  author    = {Miolane and
               Holmes},
  title     = {Learning {W}eighted {S}ubmanifolds with {V}ariational {A}utoencoders and {R}iemannian
               {V}ariational {A}utoencoders},
  booktitle = {2020 {IEEE/CVF} Conference on Computer Vision and Pattern Recognition,
               {CVPR} 2020, Seattle, WA, USA, June 13-19, 2020},
  pages     = {14491--14499},
  publisher = {{IEEE}},
  year      = {2020},
  timestamp = {Tue, 11 Aug 2020 16:59:49 +0200},
  biburl    = {https://dblp.org/rec/conf/cvpr/MiolaneH20.bib},
  bibsource = {dblp computer science bibliography, https://dblp.org}
}

@article{MiolanePoitevin2020CVPR,
    title={Estimation of Orientation and Camera Parameters from Cryo-Electron Microscopy Images with Variational Autoencoders and Generative Adversarial Networks},
    author={Miolane and Poitevin and Li and Holmes},
    year={2019},
    journal={CVPR conference, Workshop on Computer Vision for Microscopy Image Analysis}
}


@article{Miolane2018,
  title={Topologically {C}onstrained {T}emplate {E}stimation via {M}orse--{S}male {C}omplexes {C}ontrols Its {S}tatistical {C}onsistency},
  author={Miolane and Holmes and Pennec},
  journal={SIAM Journal on Applied Algebra and Geometry},
  volume={2},
  number={2},
  pages={348--375},
  year={2018},
  publisher={SIAM}
}

@article{Miolane2017TemplateBias,
  title={Template shape estimation: correcting an asymptotic bias},
  author={Miolane and Holmes and Pennec},
  journal={SIAM Journal on Imaging Sciences},
  volume={10},
  number={2},
  pages={808--844},
  year={2017},
  publisher={SIAM}
}


@inproceedings{Miolane2015BiasedEO,
  title={Biased estimators on quotient spaces},
  author={Miolane and Pennec},
  booktitle={Proceedings of the International Conference on Geometric Science of Information},
  pages={130--139},
  year={2015},
  organization={Springer}
}

@article{Darmant2014,
	doi = {10.1016/j.rcot.2014.09.076},
	url = {https://doi.org/10.1016%2Fj.rcot.2014.09.076},
	year = 2014,
	month = {nov},
	publisher = {Elsevier {BV}},
	volume = {100},
	number = {7},
	pages = {S241},
	author = {Darmant{\'{e}} and Benoit Bugnas and Regis Bernard De Dompsure and Laurent Barresi and Nina Miolane and Xavier Pennec and Fernand de Peretti and Nicolas Bronsard},
	title = {Analyse biom{\'{e}}trique de l'anneau pelvien en 3 dimensions~{\textendash}~{\`{a}} propos de 100 scanners},
	journal = {Revue de Chirurgie Orthop{\'{e}}dique et Traumatologique}
}