@article{sanborn2023general,
  title={A general framework for robust g-invariance in g-equivariant networks},
  author={Sanborn and Miolane},
  journal={Advances in Neural Information Processing Systems (NeurIPS)},
  volume={36},
  pages={67103--67124},
  year={2023}
}


@inproceedings{acosta2023quantifying,
  title={Quantifying Extrinsic Curvature in Neural Manifolds},
  author={Acosta and Sanborn and Dao Duc and Madhav and Miolane},
  booktitle={Proceedings of the {IEEE/CVF} Conference on Computer Vision and Pattern Recognition Workshop: Topology, Algebra and Geometry. (CVPRW)},
  pages={610--619},
  year={2023}
}

@inproceedings{li2023using,
  title={Using a {R}iemannian elastic metric for statistical analysis of tumor cell shape heterogeneity},
  author={Li and Prasad and Miolane and Dao Duc},
  booktitle={Proceedings of the International Conference on Geometric Science of Information (GSI)},
  year={2023},
}

@inproceedings{shewmake2023visual,
  title={Visual Scene Representation with Hierarchical Equivariant Sparse Coding},
  author={Shewmake and Buracas and Lillemarkn and Shin and Bekkers and Miolane and Olshausen},
  year={2023},
  organization={Proceedings of Machine Learning Research (PMLR)}
}

@article{li2023orthogonal,
  title={Orthogonal outlier detection and dimension estimation for improved MDS embedding of biological datasets},
  author={Li and Mirone and Prasad and Miolane and Legrand and Dao Duc},
  journal={Frontiers in Bioinformatics},
  pages={2023--02},
  year={2023},
}

@article{gabbert2023septins,
  title={Septins regulate border cell surface geometry, shape, and motility downstream of Rho in Drosophila},
  author={Gabbert and Campanale and Mondo and Mitchell and Myers and Streichan and Miolane and Montell},
  journal={Developmental Cell},
  year={2023},
  publisher={Elsevier}
}

@article{hajij2023topological,
      title={Topological {D}eep {L}earning: {G}oing {B}eyond {G}raph {D}ata}, 
      author={Hajij and Zamzmi and Papamarkou and Miolane and Guzmán-Sáenz and Ramamurthy and Birdal and Dey and Mukherjee and Samaga and Livesay and Walters and Rosen and Schaub},
      journal={Submitted as a textbook.},
      year={2023},
}


@inproceedings{mataigne2023lipschitz,
    author = {Mataigne and Absil and Miolane},
    title = {{L}ipschitz {C}onstants {B}etween {R}iemannian {M}etrics on the {S}tiefel {M}anifold},
    booktitle = {Proceedings of the International Conference on Geometric Science of Information (GSI)},
    year = {2023}
}

@inproceedings{shewmake2023equivariant,
    author = {Shewmake and Miolane and Olshausen},
    title = {Equivariant {S}parse {C}oding},
    booktitle = {Proceedings of the International Conference on Geometric Science of Information ({GSI})},
    year = {2023}
}


@software{miolane2023topox,
  author       = {Miolane and others},
  title        = {Software Suite: TopoNetX (10.5281/zenodo.7958504). TopoModelX (10.5281/zenodo.7958513). TopoEmbedX (10.5281/zenodo.8007578)},
  year         = 2023,
  publisher    = {Zenodo},
  version      = {0.0.2},
  doi          = {10.5281/zenodo.7958504},
  url          = {https://doi.org/10.5281/zenodo.7958504}
}


@article{papillon2023icml,
  author       = {Papillon and Miolane and Hajij and others},
  title        = {{ICML} {TAG} {T}opological {D}eep {L}earning {C}hallenge: Design and Results.},
  journal={Proceedings of Machine Learning Research (PMLR)},
  year = {2023}
}


@article{guigui2023introduction,
  title={Introduction to {R}iemannian Geometry and Geometric Statistics: from basic theory to implementation with {G}eomstats},
  author={Guigui and Miolane and Pennec},
  journal={Foundations and Trends in Machine Learning (FTML)},
  volume={16},
  number={3},
  pages={329--493},
  year={2023},
  publisher={Now Publishers, Inc.}
}

@article{utpala2022differentially,
  title={Differentially Private Frechet Mean on the Manifold of Symmetric Positive Definite (SPD) Matrices with log-Euclidean Metric},
  author={Utpala and Vepakomma and Miolane},
  journal={Journal Transactions of Machine Learning Research (TMLR)},
  year={2023}
}